% Encoding: UTF-8

@InProceedings{canete2012disturbance,
  author    = {L. Canete and T. Takahashi},
  title     = {Disturbance compensation in pushing, pulling, and lifting for load transporting control of a wheeled inverted pendulum type assistant robot using the Extended State Observer},
  booktitle = {2012 IEEE/RSJ International Conference on Intelligent Robots and Systems},
  year      = {2012},
  pages     = {5373-5380},
  month     = {Oct},
  doi       = {10.1109/IROS.2012.6386051},
  issn      = {2153-0858},
  keywords  = {error compensation;feedback;loading;mobile robots;motion control;nonlinear control systems;observers;pendulums;position control;stability;I-PENTAR;balance control;disturbance compensation;disturbance estimation;disturbance test;error compensation;extended state observer;feedback;lifting task;load transporting control;pulling task;pushing task;system information;system model parameter;task execution;wheeled inverted pendulum type assistant robot;Force;Joints;Mobile robots;Observers;Torque;Wheels},
}

@inproceedings{miklosovic2005dynamic,
  title={A dynamic decoupling method for controlling high performance turbofan engines},
  author={Miklosovic, Robert and Gao, Zhiqiang},
  booktitle={Proc. of the 16th IFAC World Congress},
  volume={16},
  pages={482--488},
  year={2005},
  organization={Czech Republic}
}

@InProceedings{Kudruss2015,
  author    = {M. Kudruss and M. Naveau and O. Stasse and N. Mansard and C. Kirches and P. Soueres and K. Mombaur},
  title     = {Optimal control for whole-body motion generation using center-of-mass dynamics for predefined multi-contact configurations},
  booktitle = {2015 IEEE-RAS 15th International Conference on Humanoid Robots (Humanoids)},
  year      = {2015},
  pages     = {684-689},
  month     = {Nov},
  doi       = {10.1109/HUMANOIDS.2015.7363428},
  keywords  = {humanoid robots;legged locomotion;optimal control;bipedal locomotion;center-of-mass dynamics;dynamic model;fully dynamic multicontact motion;handrail;humanoid robot platform HRP-2 climb stairs;humanoid robotics;humanoid robots;kinematic feasible center-of-mass trajectory;multicontact motion generation;optimal contact forces;optimal control;predefined multicontact configurations;whole-body motion generation;Dynamics;Friction;Humanoid robots;Legged locomotion;Robot kinematics;Trajectory},
}
@article{pathak2005velocity,
abstract = {In this paper, the dynamic model of a wheeled inverted pendulum (e.g., Segway, Quasimoro, and Joe) is analyzed from a controllability and feedback linearizability point of view. First, a dynamic model of this underactuated system is derived with respect to the wheel motor torques as inputs while taking the nonholonomic no-slip constraints into considerations. This model is compared with the previous models derived for similar systems. The strong accessibility condition is checked and the maximum relative degree of the system is found. Based on this result, a partial feedback linearization of the system is obtained and the internal dynamics equations are isolated. The resulting equations are then used to design two novel controllers. The first one is a two-level velocity controller for tracking vehicle orientation and heading speed set-points, while controlling the vehicle pitch (pendulum angle from the vertical) within a specified range. The second controller is also a two-level controller which stabilizes the vehicle's position to the desired point, while again keeping the pitch bounded between specified limits. Simulation results are provided to show the efficacy of the controllers using realistic data.},
author = {Pathak, Kaustubh and Franch, Jaume and Agrawal, Sunil K.},
doi = {10.1109/TRO.2004.840905},
file = {:home/bogdan/Downloads/humanoids papers/01435497.pdf:pdf},
isbn = {0-7803-8682-5},
issn = {15523098},
journal = {IEEE Transactions on Robotics},
keywords = {Lyapunov methods,Mobile robots,Modeling,Nonlinear systems,Position control,Velocity control},

number = {3},
pages = {505--513},
title = {{Velocity and position control of a wheeled inverted pendulum by partial feedback linearization}},
volume = {21},
year = {2005}
}
@article{takei2009baggage,
abstract = {Our goal is to configure an automatic baggage-transportation system by an inverted pendulum robot and realize a navigation function in a real environment. The system consists of two cooperative subsystems: a balancing-and-traveling control subsystem and a navigation subsystem. Position errors of the inverted pendulum robot are often caused by a drift error in the gyro sensor and a change in the center of gravity by a loaded baggage when applying the linear state feedback control method for balancing and traveling. We have reduced the position errors for navigation by resetting the balance position occasionally while traveling with simple methods without an external observer or alternative sensors. In this paper, we state the method and show the experimental results of navigation in a real environment by the implemented robot system.},
author = {Takei, Toshinobu and Imamura, Ryoko and Yuta, Shin'ichi},
doi = {10.1109/TIE.2009.2027252},
file = {:home/bogdan/Downloads/humanoids papers/05170096.pdf:pdf},
isbn = {0278-0046},
issn = {02780046},
journal = {IEEE Transactions on Industrial Electronics},
keywords = {Baggage transportation,Compensation of posture errors,Navigation,Wheeled inverted pendulum mobile robot},

number = {10},
pages = {3985--3994},
title = {{Baggage transportation and navigation by a wheeled inverted pendulum mobile robot}},
volume = {56},
year = {2009}
}

@InProceedings{Zafar2016,
  author    = {M. Zafar and H. I. Christensen},
  title     = {Whole body control of a wheeled inverted pendulum humanoid},
  booktitle = {2016 IEEE-RAS 16th International Conference on Humanoid Robots (Humanoids)},
  year      = {2016},
  pages     = {89-94},
  month     = {Nov},
  doi       = {10.1109/HUMANOIDS.2016.7803259},
  keywords  = {actuators;manipulator dynamics;mobile robots;motion control;nonlinear systems;pendulums;redundant manipulators;torque;wheels;actuators;dynamic balancing;inertia matrix;operational space control;redundant manipulator;robot motion;torque driving;two degrees of freedom;wheel dynamics;wheeled inverted pendulum humanoid;whole body control;Aerospace electronics;Manipulator dynamics;Mobile robots;Robot kinematics;Symmetric matrices;Wheels},
}

@Article{Carpentier2016,
  author   = {J. Carpentier and M. Benallegue and N. Mansard and J. P. Laumond},
  title    = {Center-of-Mass Estimation for a Polyarticulated System in Contact: A Spectral Approach},
  journal  = {IEEE Transactions on Robotics},
  year     = {2016},
  volume   = {32},
  number   = {4},
  pages    = {810-822},
  month    = {Aug},
  issn     = {1552-3098},
  doi      = {10.1109/TRO.2016.2572680},
  keywords = {estimation theory;filtering theory;force sensors;humanoid robots;position control;robot dynamics;robot kinematics;sensor fusion;spectral analysis;center-of-mass position estimation;complementary filtering;dynamic model;human body;humanoid robot;interaction force sensor;kinematic reconstruction;polyarticulated system;spectral analysis;Dynamics;Estimation;Humanoid robots;Robot sensing systems;Solid modeling;Human locomotion;humanoid robots;sensor fusion},
}

@InProceedings{Muscolo2011,
  author    = {G. G. Muscolo and C. T. Recchiuto and C. Laschi and P. Dario and K. Hashimoto and A. Takanishi},
  title     = {A method for the calculation of the effective Center of Mass of humanoid robots},
  booktitle = {2011 11th IEEE-RAS International Conference on Humanoid Robots},
  year      = {2011},
  pages     = {371-376},
  month     = {Oct},
  doi       = {10.1109/Humanoids.2011.6100864},
  issn      = {2164-0572},
  keywords  = {humanoid robots;legged locomotion;biped humanoid robot;center of mass;force sensors;humanoid robots;pattern generator;torque sensors;virtual posture;virtual robot model;Humanoid robots;Joints;Legged locomotion;Robot sensing systems;Solid modeling;Biped walking robot;Center of Mass;Dynamic Balance;Humanoid robot;Posture Control;Zero Moment Point},
}

@Misc{Bature2014,
  author = {Amir A. Bature and Salinda Buyamin and Mohamed N. Ahmad and Mustapha Muhammad},
  title  = {A Comparison of Controllers for Balancing Two Wheeled Inverted Pendulum Robot},
  year   = {2014},
}

@InProceedings{Gao2006,
  author    = {Zhiqiang Gao},
  title     = {Active disturbance rejection control: a paradigm shift in feedback control system design},
  booktitle = {2006 American Control Conference},
  year      = {2006},
  month     = {June},
  doi       = {10.1109/ACC.2006.1656579},
  issn      = {0743-1619},
  keywords  = {control system synthesis;feedback;motion control;stability;active disturbance rejection control;feedback control system design;motion control metaphor;stability analysis;Control systems;Control theory;Design engineering;Educational institutions;Feedback control;Mathematical model;Motion control;Optimal control;Robust control;Steam engines},
}

@INPROCEEDINGS{SangJoo2007, 
author={SangJoo Kwon and Yonghwan Oh}, 
booktitle={2007 International Conference on Control, Automation and Systems}, 
title={Estimation of the center of mass of humanoid robot}, 
year={2007}, 
volume={}, 
number={}, 
pages={2705-2709}, 
keywords={angular measurement;closed loop systems;estimation theory;humanoid robots;Kalman filters;legged locomotion;mass;observers;open loop systems;uncertain systems;mass center estimation;bipedal humanoid robot;closed-loop observer;conversion method;joint angle measurements;discrete Kalman filter;zero moment point;open-loop;parametric uncertainties;external disturbances;Humanoid robots;Motion measurement;Legged locomotion;Motion estimation;Equations;Position measurement;Stability;Aerospace control;Aerospace engineering;Estimation error;Humanoid;center of mass (CoM);zero moment point (ZMP);discrete Kalman filter}, 
doi={10.1109/ICCAS.2007.4406826}, 
ISSN={}, 
month={Oct},}


@INPROCEEDINGS{Sihite2018, 
author={E. Sihite and T. Bewley}, 
booktitle={2018 Annual American Control Conference (ACC)}, 
title={Attitude estimation of a high-yaw-rate Mobile Inverted Pendulum; comparison of Extended Kalman Filtering, Complementary Filtering, and motion capture}, 
year={2018}, 
volume={}, 
number={}, 
pages={5831-5836}, 
keywords={Kalman filters;mobile robots;motion control;nonlinear filters;pendulums;state estimation;state estimators;Mobile Inverted Pendulum robots;effective feedback stabilization;MIP estimation techniques;Complementary Kalman Filter;Digital Motion Processor;TDK InvenSense MPU-9250;dynamically modelled Extended Kalman Filter;tilt angle estimates;motion capture;high yaw rate dynamic EKF;planar dynamic EKF;attitude estimation;Extended Kalman filtering;Complementary filtering;high-yaw-rate mobile inverted pendulum;yaw rate setpoints;Kalman filters;Mathematical model;Dynamics;Wheels;Robot kinematics;Vehicle dynamics}, 
doi={10.23919/ACC.2018.8431624}, 
ISSN={2378-5861}, 
month={June},}

@INPROCEEDINGS{Pajon2017, 
author={A. Pajon and S. Caron and G. De Magistri and S. Miossec and A. Kheddar}, 
booktitle={2017 IEEE-RAS 17th International Conference on Humanoid Robotics (Humanoids)}, 
title={Walking on gravel with soft soles using linear inverted pendulum tracking and reaction force distribution}, 
year={2017}, 
volume={}, 
number={}, 
pages={432-437}, 
keywords={closed loop systems;gait analysis;humanoid robots;impact (mechanical);mobile robots;nonlinear control systems;path planning;pendulums;stability;state estimation;soft soles;reaction force distribution;ground unevenness;rough terrains;control loop;humanoid robots;flat terrain;uneven terrain;simple deformation estimator;closed-loop controller;linear inverted pendulum tracking;passive degrees-of-freedom;state estimation;overall robot stabilization;error minimization;center-of-mass;COM;zero moment point;ZMP;admittance control;HRP-4 humanoid;Legged locomotion;Foot;Force;Strain;Eigenvalues and eigenfunctions;Trajectory}, 
doi={10.1109/HUMANOIDS.2017.8246909}, 
ISSN={2164-0580}, 
month={Nov},}

@INPROCEEDINGS{Luo2012, 
author={D. Luo and Y. Wang and X. Wu}, 
booktitle={2012 IEEE International Conference on Mechatronics and Automation}, 
title={Online learning of COM trajectory for humanoid robot locomotion}, 
year={2012}, 
volume={}, 
number={}, 
pages={1996-2001}, 
keywords={control engineering computing;humanoid robots;learning (artificial intelligence);legged locomotion;motion control;stability;trajectory control;COM trajectory;humanoid robot locomotion;center of mass;stable robot locomotion;natural robot locomotion;online autonomous learning;locomotion stability;self-consistent measure;humanoid robot PKU-HR4;Trajectory;Robot kinematics;Stability criteria;Humanoid robots;Interpolation;COM trajectory;robot locomotion;consistent measure;stability criterion;online learning}, 
doi={10.1109/ICMA.2012.6285128}, 
ISSN={2152-7431}, 
month={Aug},}


@INPROCEEDINGS{Chen2017, 
author={Q. Chen and H. Cheng and C. Yue and R. Huang and H. Guo}, 
booktitle={2017 IEEE International Conference on Mechatronics and Automation (ICMA)}, 
title={Step length adaptation for walking assistance}, 
year={2017}, 
volume={}, 
number={}, 
pages={644-650}, 
keywords={bone;control engineering computing;health care;learning (artificial intelligence);medical robotics;orthopaedics;patient rehabilitation;step length adaptation;walking assistance;lower exoskeleton;patient rehabilitation;health care;predefined gait control;clinical gait analysis;CGA;exoskeleton robot;hybrid human-exoskeleton agent;HHEA;dynamic movement primitives;DMP;gait length;center of mass;CoM;reinforcement learning;Exoskeletons;Legged locomotion;Adaptation models;Trajectory;Learning (artificial intelligence);Dynamics;Mathematical model;Step Length Adaptation;Walking Assistance;Dynamic Movement Primitives;Reinforcement Learning;AIDER}, 
doi={10.1109/ICMA.2017.8015892}, 
ISSN={2152-744X}, 
month={Aug},}


@INPROCEEDINGS{Yang2016, 
author={L. Yang and Z. Liu and Y. Zhang}, 
booktitle={2016 Chinese Control and Decision Conference (CCDC)}, 
title={Dynamic balance control of biped robot using optimized SLFNs}, 
year={2016}, 
volume={}, 
number={}, 
pages={5303-5307}, 
keywords={energy conservation;feedforward neural nets;learning (artificial intelligence);legged locomotion;neurocontrollers;nonlinear control systems;dynamic balance control;biped robot control;energy efficiency;moment equilibrium conditions;optimized control scheme;control performance;optimized learning mechanism;SLFN;nonlinear relationship;ZMP error;CoM;center of mass position;online algorithm;locomotion stability;single hidden layer feedforward neural networks;Legged locomotion;Learning systems;Trajectory;Stability criteria;Gravity;Humanoid robots;ZMP;Biped Robot;Extreme Learning Machine;CoM;Yaw moment}, 
doi={10.1109/CCDC.2016.7531946}, 
ISSN={1948-9447}, 
month={May},}


@INPROCEEDINGS{Kim2016, 
author={T. Kim and H. J. Kim}, 
booktitle={2016 16th International Conference on Control, Automation and Systems (ICCAS)}, 
title={Path tracking control and identification of tire parameters using on-line model-based reinforcement learning}, 
year={2016}, 
volume={}, 
number={}, 
pages={215-219}, 
keywords={learning (artificial intelligence);parameter estimation;position control;predictive control;road vehicles;tyres;vehicle dynamics;autonomous vehicle;model predictive control;control input sequence;tracking error minimization;MPC performance;priori prediction model;online model-based reinforcement learning;path error;unknown parameter learning;path tracking simulation;online model-based RL;maneuverability;path tracking control;unknown tire parameter identification;Tires;Mathematical model;Vehicles;Vehicle dynamics;Predictive models;Brushes;Wheels;autonomous vehicle;model-based reinforcement learning;model predictive control}, 
doi={10.1109/ICCAS.2016.7832324}, 
ISSN={}, 
month={Oct},}


@INPROCEEDINGS{Jamone2014, 
author={L. Jamone and B. Damas and J. Santos-Victor}, 
booktitle={2014 IEEE International Symposium on Intelligent Control (ISIC)}, 
title={Incremental learning of context-dependent dynamic internal models for robot control}, 
year={2014}, 
volume={}, 
number={}, 
pages={1336-1341}, 
keywords={humanoid robots;learning (artificial intelligence);manipulator dynamics;regression analysis;torque control;incremental learning;context-dependent dynamic internal models;robot control;robot inverse dynamic model;dynamically varying contexts;object manipulation;inverse dynamic mapping;multivalued function;input query;IMLE;online learning algorithm;multivalued regression;computed torque control;iCub humanoid robot;Context;Joints;Robots;Context modeling;Computational modeling;Adaptation models;Training}, 
doi={10.1109/ISIC.2014.6967617}, 
ISSN={2158-9860}, 
month={Oct},}


@INPROCEEDINGS{Jiang2016, 
author={L. Jiang and H. Qiu and Z. Wu and J. He}, 
booktitle={2016 Chinese Control and Decision Conference (CCDC)}, 
title={Active disturbance rejection control based on adaptive differential evolution for two-wheeled self-balancing robot}, 
year={2016}, 
volume={}, 
number={}, 
pages={6761-6766}, 
keywords={active disturbance rejection control;evolutionary computation;mobile robots;robot dynamics;Routh methods;steering systems;three-term control;Simulink;Matlab;virtual prototype technology;Adams software;robot dynamic model;tracking differentiator;nonholonomic dynamic Routh equation;nonholonomic dynamic mathematical model;Lagrange formula;steering control;self-balancing control;PID control strategy;two-wheeled self-balancing robot;ADE algorithm;adaptive differential evolution;ADRC technique;active disturbance rejection control;Wheels;Robot kinematics;Mathematical model;Mobile robots;Tuning;Torque;Two-wheeled Self-balancing Robot;Mathematical Modeling;Active Disturbance Rejection Control;Adaptive Differential Evolution Algorithm;Co-simulation}, 
doi={10.1109/CCDC.2016.7532214}, 
ISSN={1948-9447}, 
month={May},}


@INPROCEEDINGS{Ruan2014, 
author={X. Ruan and X. Wang and X. Zhu and Z. Chen and R. Sun}, 
booktitle={Proceeding of the 11th World Congress on Intelligent Control and Automation}, 
title={Active disturbance rejection control of Single wheel robot}, 
year={2014}, 
volume={}, 
number={}, 
pages={4105-4110}, 
keywords={active disturbance rejection control;mechatronics;mobile robots;nonlinear control systems;active disturbance rejection control;single wheel robot;balance control problem;nonlinear control algorithm;ADRC;ADAMS;MATLAB;flywheel balanced SWR;mechatronics system;Wheels;Mobile robots;Mathematical model;Solid modeling;Equations;Three-dimensional displays;Single Wheel Robot;ADRC (active disturbance rejection control technique);Robustness;ADAMS}, 
doi={10.1109/WCICA.2014.7053403}, 
ISSN={}, 
month={June},}


@INPROCEEDINGS{Wei2017, 
author={D. Wei and C. Ren and M. Zhang and X. Li and S. Ma and C. Mu}, 
booktitle={IECON 2017 - 43rd Annual Conference of the IEEE Industrial Electronics Society}, 
title={Position/force control of a holonomic-constrained mobile manipulator based on active disturbance rejection control}, 
year={2017}, 
volume={}, 
number={}, 
pages={6751-6756}, 
keywords={active disturbance rejection control;control system synthesis;force control;manipulator dynamics;mobile robots;observers;position control;uncertain systems;active disturbance rejection control;holonomic constrained mobile manipulator;uncertainties;control design;external disturbances;position control;control system robustness;force control;Lagrange formulation;mobile manipulator dynamics;linear extended state observer;control system stability;Mobile communication;Manipulator dynamics;Kinetic energy;Force;Mathematical model;Active disturbance rejection control;holonomic constraint;position/force control}, 
doi={10.1109/IECON.2017.8217179}, 
ISSN={}, 
month={Oct},}

@article{bature2014comparison,
  title={A comparison of controllers for balancing two wheeled inverted pendulum robot},
  author={Bature, Amir A and Buyamin, Salinda and Ahmad, Mohamed N and Muhammad, Mustapha},
  journal={International Journal of Mechanical \& Mechatronics Engineering},
  volume={14},
  number={3},
  pages={62--68},
  year={2014}
}

@article{khosla2013performance,
  title={Performance evaluation of various control techniques for inverted pendulum},
  author={Khosla, Anita and Leena, G and Soni, MK},
  journal={Performance Evaluation},
  volume={3},
  number={4},
  pages={1096--1102},
  year={2013},
  publisher={Citeseer}
}

@article{DART,
  title={DART: Dynamic Animation and Robotics Toolkit},
  author={Jeongseok Lee and Michael X. Grey and Sehoon Ha and Tobias Kunz and Sumit Jain and Yuting Ye and Siddhartha S. Srinivasa and Mike Stilman and C. Karen Liu},
  journal={Journal of Open Source Software},
  volume={3},
  number={22},
  year={2018},
  doi={https://doi.org/10.21105/joss.00500}  
}


@INPROCEEDINGS{Stilman2010,
author={M. Stilman and J. Olson and W. Gloss},
booktitle={2010 IEEE International Conference on Robotics and Automation},
title={Golem Krang: Dynamically stable humanoid robot for mobile manipulation},
year={2010},
volume={},
number={},
pages={3304-3309},
keywords={humanoid robots;manipulator dynamics;manipulators;mobile robots;stability;Golem Krang;dynamically stable humanoid robot;mobile manipulation;humanoid torso;spine rotation;autonomous standing;static dynamic transformations;Humanoid robots;Humans;Torso;Mobile robots;Robot kinematics;Manipulator dynamics;Robust stability;Robotics and automation;Wheels;Orbital robotics;humanoid robot;dynamic stability;static stability;autonomous standing;robot design},
doi={10.1109/ROBOT.2010.5509593},
ISSN={1050-4729},
month={May},}

@Comment{jabref-meta: databaseType:bibtex;}